

@article{blei2017variational,
  title={Variational inference: A review for statisticians},
  author={Blei, David M and Kucukelbir, Alp and McAuliffe, Jon D},
  journal={Journal of the American statistical Association},
  volume={112},
  number={518},
  pages={859--877},
  year={2017},
  publisher={Taylor \& Francis}
}



@article{ioannidis2005most,
  title={Why most published research findings are false},
  author={Ioannidis, John PA},
  journal={PLoS medicine},
  volume={2},
  number={8},
  pages={e124},
  year={2005},
  publisher={Public Library of Science}
}

@article{kao2001alcohol,
  title={Alcohol consumption and the risk of type 2 diabetes mellitus: atherosclerosis risk in communities study},
  author={Kao, WH Linda and Puddey, Ian B and Boland, Lori L and Watson, Robert L and Brancati, Frederick L},
  journal={American journal of epidemiology},
  volume={154},
  number={8},
  pages={748--757},
  year={2001},
  publisher={Oxford University Press}
}

@book{mcelreath2020statistical,
  title={Statistical rethinking: A Bayesian course with examples in R and Stan},
  author={McElreath, Richard},
  year={2020},
  publisher={Chapman and Hall/CRC}
}

@article{tiao1973some,
  title={Some comments on “Bayes” estimators},
  author={Tiao, George C and Box, George EP},
  journal={The American Statistician},
  volume={27},
  number={1},
  pages={12--14},
  year={1973},
  publisher={Taylor \& Francis}
}


@article{weisberg2007modeler,
  title={Who is a Modeler?},
  author={Weisberg, Michael},
  journal={The British journal for the philosophy of science},
  volume={58},
  number={2},
  pages={207--233},
  year={2007},
  publisher={Oxford University Press}
}

@book{weisberg2012simulation,
  title={Simulation and similarity: Using models to understand the world},
  author={Weisberg, Michael},
  year={2012},
  publisher={Oxford University Press}
}

@book{yang1996catalog,
  title={A catalog of noninformative priors},
  author={Yang, Ruoyong and Berger, James O},
  year={1996},
  publisher={Institute of Statistics and Decision Sciences, Duke University Durham, NC, USA}
}

